<?xml version="1.0" encoding="UTF-8" ?>
<collection xmlns:xsi="http://www.w3.org/2001/XMLSchema-instance"
    xsi:schemaLocation="http://www.loc.gov/MARC21/slim
        http://www.loc.gov/standards/marcxml/schema/MARC21slim.xsd"
    xmlns="http://www.loc.gov/MARC21/slim">
<record>
  <leader>00297cam a2200589 i 4500</leader>
  <controlfield tag="001">b12522636</controlfield>
  <controlfield tag="003">LeBAU</controlfield>
  <controlfield tag="005">20200504</controlfield>
  <controlfield tag="008">970716s1943    ua a          000 0 ara d</controlfield>
  <datafield tag="035" ind1=" " ind2=" ">
    <subfield code="a">ocn784379992</subfield>
  </datafield>
  <datafield tag="040" ind1=" " ind2=" ">
    <subfield code="a">LEAUB</subfield>
    <subfield code="b">ara</subfield>
    <subfield code="e">rda</subfield>
    <subfield code="c">LEAUB</subfield>
    <subfield code="d">LEAUB</subfield>
  </datafield>
  <datafield tag="041" ind1="1" ind2=" ">
    <subfield code="a">ara</subfield>
    <subfield code="h">eng</subfield>
  </datafield>
  <datafield tag="082" ind1="0" ind2="4">
    <subfield code="a">822.33</subfield>
    <subfield code="2">23</subfield>
  </datafield>
  <datafield tag="100" ind1="1" ind2=" ">
    <subfield code="6">880-01</subfield>
    <subfield code="a">Shakespeare, William,</subfield>
    <subfield code="d">1564-1616.</subfield>
    <subfield code="e">author.</subfield>
    <subfield code="0">http://id.loc.gov/authorities/names/n78095332 ,</subfield>
  </datafield>
  <datafield tag="240" ind1="1" ind2="0">
    <subfield code="a">Tales from Shakespeare.</subfield>
    <subfield code="l">Arabic</subfield>
  </datafield>
  <datafield tag="245" ind1="1" ind2="0">
    <subfield code="6">880-02</subfield>
    <subfield code="a">Qiṣaṣ min Shīkisbīr /</subfield>
    <subfield code="c">katabahā Tshārls Lām, Mārī Lām ; tarjamahā Muḥammad Badrān, mudīr Idārat al-tarjamah bi-Wizārat al-Maʻārif, wa-ṣaddarahā bi-muqaddimah fī Shikisbīr wa-shiʻrihi.</subfield>
  </datafield>
  <datafield tag="264" ind1=" " ind2="1">
    <subfield code="6">880-03</subfield>
    <subfield code="a">al-Qāhirah :</subfield>
    <subfield code="b">Lajnat al-Taʼlīf wa-al-Tarjamah wa-al-Nashr,</subfield>
    <subfield code="c">1943.</subfield>
  </datafield>
  <datafield tag="300" ind1=" " ind2=" ">
    <subfield code="6">880-04</subfield>
    <subfield code="a">b-ṭ, 275 pages, 1 unnumbered leave of plates :</subfield>
    <subfield code="b">illustrations ;</subfield>
    <subfield code="c">23 cm.</subfield>
  </datafield>
  <datafield tag="336" ind1=" " ind2=" ">
    <subfield code="a">text</subfield>
    <subfield code="b">txt</subfield>
    <subfield code="2">rdacontent</subfield>
  </datafield>
  <datafield tag="336" ind1=" " ind2=" ">
    <subfield code="a">still image</subfield>
    <subfield code="b">sti</subfield>
    <subfield code="2">rdacontent</subfield>
  </datafield>
  <datafield tag="337" ind1=" " ind2=" ">
    <subfield code="a">unmediated</subfield>
    <subfield code="b">n</subfield>
    <subfield code="2">rdamedia</subfield>
  </datafield>
  <datafield tag="338" ind1=" " ind2=" ">
    <subfield code="a">volume</subfield>
    <subfield code="b">nc</subfield>
    <subfield code="2">rdacarrier</subfield>
  </datafield>
  <datafield tag="490" ind1="1" ind2=" ">
    <subfield code="6">880-05</subfield>
    <subfield code="a">ʻUyūn al-adab al-gharbī ;</subfield>
    <subfield code="v">al-ʻadad al-ḥādī ʻashar</subfield>
  </datafield>
  <datafield tag="505" ind1="0" ind2=" ">
    <subfield code="a">قصص من شكسبير :</subfield>
    <subfield code="t">العاصفة --</subfield>
    <subfield code="t">حلم ليلة في منتصف الصيف --</subfield>
    <subfield code="t">قصة الشتاء --</subfield>
    <subfield code="t">جعجعة بلا طحين --</subfield>
    <subfield code="t">كما تحب --</subfield>
    <subfield code="t">سيدان من اهل فيرونا --</subfield>
    <subfield code="t">تاجر البندقية --</subfield>
    <subfield code="t">سمبلين --</subfield>
    <subfield code="t">الملك لير -- مكبث --</subfield>
    <subfield code="t">ان الامور بخواتيمها --</subfield>
    <subfield code="t">تذليل السليطة --</subfield>
    <subfield code="t">ملهاة الاخطاء --</subfield>
    <subfield code="t">دقة بدقة --</subfield>
    <subfield code="t">الليلة الثانية عشرة-</subfield>
    <subfield code="t">تيمن الأثيني --</subfield>
    <subfield code="t">روميو وجليت --</subfield>
    <subfield code="t">هملت أمير دنمرك --</subfield>
    <subfield code="t">عطيل --</subfield>
    <subfield code="t">بركليز أمير صور.</subfield>
  </datafield>
  <datafield tag="600" ind1="1" ind2="4">
    <subfield code="a">شكسبير، ولي،</subfield>
    <subfield code="d">1564-1616</subfield>
    <subfield code="v">ترجمات الى العربية.</subfield>
  </datafield>
  <datafield tag="600" ind1="1" ind2="4">
    <subfield code="a">شكسبير، ولي،</subfield>
    <subfield code="d">1564-1616</subfield>
    <subfield code="v">قصص، حبكات، إلخ.</subfield>
  </datafield>
  <datafield tag="600" ind1="1" ind2="4">
    <subfield code="a">شكسبير، ولي،</subfield>
    <subfield code="d">1564-1616</subfield>
    <subfield code="x">اقتباسات.</subfield>
  </datafield>
  <datafield tag="600" ind1="1" ind2="0">
    <subfield code="a">Shakespeare, William,</subfield>
    <subfield code="d">1564-1616</subfield>
    <subfield code="v">Translations into Arabic.</subfield>
  </datafield>
  <datafield tag="600" ind1="1" ind2="0">
    <subfield code="a">Shakespeare, William,</subfield>
    <subfield code="d">1564-1616</subfield>
    <subfield code="v">Stories, plots, etc.</subfield>
  </datafield>
  <datafield tag="600" ind1="1" ind2="0">
    <subfield code="a">Shakespeare, William,</subfield>
    <subfield code="d">1564-1616</subfield>
    <subfield code="x">Adaptations.</subfield>
  </datafield>
  <datafield tag="700" ind1="1" ind2=" ">
    <subfield code="6">880-06</subfield>
    <subfield code="a">Lamb, Charles,</subfield>
    <subfield code="d">1775-1834.</subfield>
    <subfield code="e">compiler.</subfield>
    <subfield code="0">http://id.loc.gov/authorities/names/n79067888 ,</subfield>
  </datafield>
  <datafield tag="700" ind1="1" ind2=" ">
    <subfield code="6">880-07</subfield>
    <subfield code="a">Lamb, Mary,</subfield>
    <subfield code="d">1764-1847.</subfield>
    <subfield code="e">compiler.</subfield>
    <subfield code="0">http://id.loc.gov/authorities/names/n50037868 ,</subfield>
  </datafield>
  <datafield tag="700" ind1="1" ind2=" ">
    <subfield code="6">880-08</subfield>
    <subfield code="a">Badrān, Muḥammad,</subfield>
    <subfield code="e">translator.</subfield>
  </datafield>
  <datafield tag="700" ind1="1" ind2=" ">
    <subfield code="6">880-09</subfield>
    <subfield code="a">Badrān, Muḥammad,</subfield>
    <subfield code="e">translator.</subfield>
  </datafield>
  <datafield tag="765" ind1="0" ind2="8">
    <subfield code="6">880-10</subfield>
    <subfield code="i">is translation of</subfield>
    <subfield code="4">http://rdaregistry.info/Elements/e/P20141 :</subfield>
    <subfield code="a">Shakespeare, William, 1564-1616.</subfield>
    <subfield code="t">Tales from Shakespeare.</subfield>
    <subfield code="d">London : Thomas Nelson and Sons, [between 1900 and 1950?]</subfield>
    <subfield code="w">(OCoLC)20568614</subfield>
    <subfield code="w">(OCoLC)20568614</subfield>
  </datafield>
  <datafield tag="830" ind1=" " ind2="0">
    <subfield code="6">880-11</subfield>
    <subfield code="a">ʻUyūn al-adab al-gharbī ;</subfield>
    <subfield code="v">al-ʻadad al-ḥādī ʻashar.</subfield>
  </datafield>
  <datafield tag="852" ind1=" " ind2=" ">
    <subfield code="a">Jafet Library</subfield>
    <subfield code="e">American University of Beirut, Bliss Street , Beirut, Lebanon.</subfield>
  </datafield>
  <datafield tag="880" ind1=" " ind2="1">
    <subfield code="6">264-03/(3/r</subfield>
    <subfield code="a">القاهرة :</subfield>
    <subfield code="b">لجنة التأليف والترجمة والنشر،</subfield>
    <subfield code="c">1943.</subfield>
  </datafield>
  <datafield tag="880" ind1="1" ind2=" ">
    <subfield code="6">100-01/(3/r</subfield>
    <subfield code="a">شكسبير، وليم،</subfield>
    <subfield code="d">1564-1616،</subfield>
    <subfield code="0">http://id.loc.gov/authorities/names/n78095332 ,</subfield>
    <subfield code="e">مؤلف. </subfield>
    <subfield code="4">aut.</subfield>
  </datafield>
  <datafield tag="880" ind1="1" ind2="0">
    <subfield code="6">245-02/(3/r</subfield>
    <subfield code="a">قصص من شيكسبير /</subfield>
    <subfield code="c">كتبها تشارلس لام، ماري لام ؛ ترجمها محمد بدران، مدير ادارة الترجمة بوزارة المعارف، وصدرها بمقدمة في شيكسبير وشعره.</subfield>
  </datafield>
  <datafield tag="880" ind1="1" ind2=" ">
    <subfield code="6">490-05/(3/r</subfield>
    <subfield code="a">عيون الادب الغربي ؛</subfield>
    <subfield code="v">العدد الحادي عشر</subfield>
  </datafield>
  <datafield tag="880" ind1=" " ind2=" ">
    <subfield code="6">300-04/(3/r</subfield>
    <subfield code="a">ب-ط، 275 صفحة، 1 ورقة لوحات غير مرقمة :</subfield>
    <subfield code="b">مصورات ؛</subfield>
    <subfield code="c">23 سم.</subfield>
  </datafield>
  <datafield tag="880" ind1="1" ind2=" ">
    <subfield code="6">700-06/(3/r</subfield>
    <subfield code="a">لامب، شارلز،</subfield>
    <subfield code="d">1775-1834،</subfield>
    <subfield code="0">http://id.loc.gov/authorities/names/n79067888 ,</subfield>
    <subfield code="e">معد. </subfield>
    <subfield code="4">com.</subfield>
  </datafield>
  <datafield tag="880" ind1="1" ind2=" ">
    <subfield code="6">700-07/(3/r</subfield>
    <subfield code="a">لامب، ماري،</subfield>
    <subfield code="d">1764-1847،</subfield>
    <subfield code="0">http://id.loc.gov/authorities/names/n50037868 ,</subfield>
    <subfield code="e">معد. </subfield>
    <subfield code="4">com.</subfield>
  </datafield>
  <datafield tag="880" ind1="1" ind2=" ">
    <subfield code="6">700-08/(3/r</subfield>
    <subfield code="a">بدران، محمد،</subfield>
    <subfield code="e">مؤلف مقدمة. </subfield>
    <subfield code="4">aui.</subfield>
  </datafield>
  <datafield tag="880" ind1="1" ind2=" ">
    <subfield code="6">700-09/(3/r</subfield>
    <subfield code="a">بدران، محمد،</subfield>
    <subfield code="e">مترجم. </subfield>
    <subfield code="4">trl.</subfield>
  </datafield>
  <datafield tag="880" ind1="0" ind2="8">
    <subfield code="6">765-10/(3/r</subfield>
    <subfield code="i">ترجمة</subfield>
    <subfield code="4">http://rdaregistry.info/Elements/e/P20141 :</subfield>
    <subfield code="a">Shakespeare, William, 1564-1616.</subfield>
    <subfield code="t">Tales from Shakespeare.</subfield>
    <subfield code="d">London : Thomas Nelson and Sons, [between 1900 and 1950?]</subfield>
    <subfield code="w">(LEAUB)b18309604</subfield>
    <subfield code="w">(OCoLC)20568614</subfield>
  </datafield>
  <datafield tag="880" ind1=" " ind2="0">
    <subfield code="6">830-11/(3/r</subfield>
    <subfield code="a">عيون الادب الغربي ؛</subfield>
    <subfield code="v">11.</subfield>
  </datafield>
  <datafield tag="907" ind1=" " ind2=" ">
    <subfield code="a">.b12522636</subfield>
    <subfield code="b">20-05-12</subfield>
    <subfield code="c">11-05-24</subfield>
  </datafield>
  <datafield tag="907" ind1=" " ind2=" ">
    <subfield code="a">.b12522636</subfield>
    <subfield code="b">15-10-15</subfield>
    <subfield code="c">11-05-24</subfield>
  </datafield>
  <datafield tag="945" ind1=" " ind2=" ">
    <subfield code="f">J</subfield>
    <subfield code="a">822.33:S527tLA</subfield>
    <subfield code="i">01031922</subfield>
    <subfield code="j">.i13021783</subfield>
    <subfield code="l">u0503</subfield>
  </datafield>
  <datafield tag="998" ind1=" " ind2=" ">
    <subfield code="a">u05</subfield>
    <subfield code="b">97-07-16</subfield>
    <subfield code="c">m</subfield>
    <subfield code="d">a  </subfield>
    <subfield code="e">-</subfield>
    <subfield code="f">ara</subfield>
    <subfield code="g">ua </subfield>
    <subfield code="h">0</subfield>
    <subfield code="i">1</subfield>
  </datafield>
</record>
</collection>
